<record><leader>00000cas a22000007a 4500</leader><controlfield tag="001">7907074</controlfield><controlfield tag="008">811104d18491851mauwr ne      0   a0eng d</controlfield><controlfield tag="009">551</controlfield><datafield ind1=" " ind2=" " tag="010"><subfield code="a">sn 91074707 </subfield></datafield><datafield ind1=" " ind2=" " tag="040"><subfield code="a">BTI</subfield><subfield code="b">eng</subfield><subfield code="c">BTI</subfield><subfield code="d">ONP</subfield><subfield code="d">RHN</subfield><subfield code="d">MGN</subfield><subfield code="d">CNW</subfield><subfield code="d">MGN</subfield><subfield code="d">NVJ</subfield><subfield code="d">NVK</subfield><subfield code="d">OCL</subfield><subfield code="d">OCLCG</subfield><subfield code="d">OCLCF</subfield><subfield code="d">OCLCO</subfield></datafield><datafield ind1="1" ind2=" " tag="029"><subfield code="a">AU@</subfield><subfield code="b">000025877214</subfield></datafield><datafield ind1=" " ind2=" " tag="042"><subfield code="a">msc</subfield></datafield><datafield ind1=" " ind2="4" tag="050"><subfield code="a">BX7101</subfield></datafield><datafield ind1="0" ind2=" " tag="130"><subfield code="a">Congregationalist (Boston, Mass. : 1849)</subfield></datafield><datafield ind1="0" ind2="4" tag="245"><subfield code="a">The Congregationalist.</subfield></datafield><datafield ind1=" " ind2=" " tag="260"><subfield code="a">Boston, Mass. :</subfield><subfield code="b">Edward Beecher, Joseph Haven, Jr., Increase N. Tarbox,</subfield><subfield code="c">1849-1851.</subfield></datafield><datafield ind1=" " ind2=" " tag="300"><subfield code="a">v.</subfield></datafield><datafield ind1=" " ind2=" " tag="310"><subfield code="a">Weekly</subfield></datafield><datafield ind1="0" ind2=" " tag="362"><subfield code="a">Vol. 1, no. 1 (May 24, 1849)-v. 3, no. 41 (Oct. 17, 1851).</subfield></datafield><datafield ind1=" " ind2=" " tag="500"><subfield code="a">Publisher varies: Galen James &amp; Edward W. Fry, Nov. 16, 1849-</subfield></datafield><datafield ind1=" " ind2=" " tag="580"><subfield code="a">Absorbed: Boston reporter. Cf. Dexter, Henry Martyn.  The Congregationalism of the last three hundred years as seen in its literature.</subfield></datafield><datafield ind1=" " ind2="0" tag="650"><subfield code="a">Congregational churches</subfield><subfield code="z">Massachusetts</subfield><subfield code="v">Newspapers.</subfield></datafield><datafield ind1=" " ind2="0" tag="651"><subfield code="a">Boston (Mass.)</subfield><subfield code="v">Newspapers.</subfield></datafield><datafield ind1=" " ind2="7" tag="655"><subfield code="a">Newspapers.</subfield><subfield code="2">fast</subfield><subfield code="0">(OCoLC)fst01423814</subfield></datafield><datafield ind1=" " ind2="7" tag="650"><subfield code="a">Congregational churches.</subfield><subfield code="2">fast</subfield><subfield code="0">(OCoLC)fst00875181</subfield></datafield><datafield ind1=" " ind2="7" tag="651"><subfield code="a">Massachusetts.</subfield><subfield code="2">fast</subfield><subfield code="0">(OCoLC)fst01204307</subfield></datafield><datafield ind1=" " ind2="7" tag="651"><subfield code="a">Massachusetts</subfield><subfield code="z">Boston.</subfield><subfield code="2">fast</subfield><subfield code="0">(OCoLC)fst01205012</subfield></datafield><datafield ind1="1" ind2=" " tag="700"><subfield code="a">Beecher, Edward,</subfield><subfield code="d">1803-1895.</subfield></datafield><datafield ind1="1" ind2=" " tag="700"><subfield code="a">Tarbox, Increase N.</subfield><subfield code="q">(Increase Niles),</subfield><subfield code="d">1815-1888.</subfield></datafield><datafield ind1="1" ind2=" " tag="700"><subfield code="a">Haven, Joseph, Jr.</subfield></datafield><datafield ind1=" " ind2=" " tag="752"><subfield code="a">United States</subfield><subfield code="b">Massachusetts</subfield><subfield code="c">Suffolk</subfield><subfield code="d">Boston.</subfield></datafield><datafield ind1="1" ind2="5" tag="780"><subfield code="t">Boston reporter</subfield><subfield code="g">1849</subfield><subfield code="w">(DLC)sn 84023657</subfield></datafield><datafield ind1="0" ind2="7" tag="785"><subfield code="t">Christian times (Boston, Mass.)</subfield><subfield code="w">(DLC)sn 84023111</subfield></datafield><datafield ind1="0" ind2="7" tag="785"><subfield code="t">Congregationalist and Christian times</subfield><subfield code="w">(DLC)sn 96095039</subfield></datafield></record>